@article{qu2016optimized,
  title={Optimized adaptive scheduling of a manufacturing process system with multi-skill workforce and multiple machine types: An ontology-based, multi-agent reinforcement learning approach},
  author={Qu, Shuhui and Wang, Jie and Govil, Shivani and Leckie, James O},
  journal={Procedia CIRP},
  volume={57},
  pages={55--60},
  year={2016},
  publisher={Elsevier}
}

@MISC{dql_guide,
    author = {Ankit Choudhary},
    title = {A Hands-On Introduction to Deep Q-Learning using OpenAI Gym in Python},
    year = {2019}
    howpublished = "\url{https://www.analyticsvidhya.com/blog/2019/04/introduction-deep-q-learning-python/}"
}

@MISC{dql_guide2,
    author = {Ankit Choudhary},
    title = {Nuts \& Bolts of Reinforcement Learning: Model Based Planning using Dynamic Programming},
    year = {2018}
    howpublished = "\url{https://www.analyticsvidhya.com/blog/2018/09/reinforcement-learning-model-based-planning-dynamic-programming/}"
}

@misc{OpenAIgym,
  Author = {Greg Brockman and Vicki Cheung and Ludwig Pettersson and Jonas Schneider and John Schulman and Jie Tang and Wojciech Zaremba},
  Title = {OpenAI Gym},
  Year = {2016},
  Eprint = {arXiv:1606.01540},
  howpublished = "\url{https://github.com/openai/gym}"
}

@article{glaubius2012real,
  title={Real-time scheduling via reinforcement learning},
  author={Glaubius, Robert and Tidwell, Terry and Gill, Christopher and Smart, William D},
  journal={arXiv preprint arXiv:1203.3481},
  year={2012}
}

@article{shiue2018real,
  title={Real-time scheduling for a smart factory using a reinforcement learning approach},
  author={Shiue, Yeou-Ren and Lee, Ken-Chuan and Su, Chao-Ton},
  journal={Computers \& Industrial Engineering},
  volume={125},
  pages={604--614},
  year={2018},
  publisher={Elsevier}
}

@article{waschneck2018optimization,
  title={Optimization of global production scheduling with deep reinforcement learning},
  author={Waschneck, Bernd and Reichstaller, Andr{\'e} and Belzner, Lenz and Altenm{\"u}ller, Thomas and Bauernhansl, Thomas and Knapp, Alexander and Kyek, Andreas},
  journal={Procedia CIRP},
  volume={72},
  number={1},
  pages={1264--1269},
  year={2018},
  publisher={Elsevier}
}

@article{wu2011novel,
  title={A novel multi-agent reinforcement learning approach for job scheduling in Grid computing},
  author={Wu, Jun and Xu, Xin and Zhang, Pengcheng and Liu, Chunming},
  journal={Future Generation Computer Systems},
  volume={27},
  number={5},
  pages={430--439},
  year={2011},
  publisher={Elsevier}
}

@article{shahrabi2017reinforcement,
  title={A reinforcement learning approach to parameter estimation in dynamic job shop scheduling},
  author={Shahrabi, Jamal and Adibi, Mohammad Amin and Mahootchi, Masoud},
  journal={Computers \& Industrial Engineering},
  volume={110},
  pages={75--82},
  year={2017},
  publisher={Elsevier}
}

@article{sharma2015performance,
  title={Performance analysis of dispatching rules in a stochastic dynamic job shop manufacturing system with sequence-dependent setup times: Simulation approach},
  author={Sharma, Pankaj and Jain, Ajai},
  journal={CIRP Journal of Manufacturing Science and Technology},
  volume={10},
  pages={110--119},
  year={2015},
  publisher={Elsevier}
}

@article{lin2015simulation,
  title={Simulation optimization approach for hybrid flow shop scheduling problem in semiconductor back-end manufacturing},
  author={Lin, James T and Chen, Chien-Ming},
  journal={Simulation Modelling Practice and Theory},
  volume={51},
  pages={100--114},
  year={2015},
  publisher={Elsevier}
}


